34100000      080214603036000174                    00170 000000007300 1NEWLUXE GROUP BRASIL COM E IMPBANCO ITAU NEWLUXE 0170                 10610202208411800000000000000                                                                     
34100011C3001040 214603036000174                    00170 000000007300 1NEWLUXE GROUP BRASIL COM E IMP                                        Rua Jeronimo da Veiga         00164ANDAR 14       Sao Paulo           04536000SP                  
3410001300001A00000034105602 000000009790 8BRUNO SILVEIRA DOS SANTOS CRUZ                    06102022REA000000000000000000000000191514                    00000000000000000000000                    000000000346500588052100010     0          
3410001300001B   100034650058805R PROFESSOR GILIO SATTIN      00077               RIO PEQUENO    SAO PAULO           05379150SP                                                                                                                
3410001300002A00000034100641 000000008754 9CLEIDE CARLOS PEREIRA DE MACED                    06102022REA000000000000000000000000318995                    00000000000000000000000                    000000000153670498932100010     0          
3410001300002B   100015367049893R VEDETA DA PRAIA             00003A CASA 2       JD GUAEMBU     SAO PAULO           04814260SP                                                                                                                 
3410001300003A00000034100350 000000014841 7MARCIA CRISTINA DA SILVA DE OL                    06102022REA000000000000000000000000166422                    00000000000000000000000                    000000000279069478862100010     0          
3410001300003B   100027906947886R TIQUIRA                     00003               MORRO DO INDIO SAO PAULO           05873390SP                                                                                                                 
3410001300004A00000034108960 000000015332 1GABRIELA FERREIRA PRADO                           06102022REA000000000000000000000000419360                    00000000000000000000000                    000000000378134288382100010     0          
3410001300004B   100037813428838R ANTONIO AMBUBA              00110BL 01 APTO 107 PQ MUNHOZ      SAO PAULO           05791070SP                                                                                                                 
3410001300005A00000034106753 000000015884 6FRANCISCO ROBERT DIAS                             06102022REA000000000000000000000000087188                    00000000000000000000000                    000000000118941037002100010     0          
3410001300005B   100011894103700R VICENTE MARTINEZ RISCO      00007               JD DAS IMBUIAS SAO PAULO           04829180SP                                                                                                                 
3410001300006A00000034101661 000000050990 9DAVI FERREIRA DA SILVA                            06102022REA000000000000000000000000121889                    00000000000000000000000                    000000000508307228902100010     0          
3410001300006B   100050830722890R AUREA DA GAMA               00194CASA           JD PIRACUAMA   SAO PAULO           05763290SP                                                                                                                 
3410001300007A00000034106830 000000033295 0LUANA TORRES RICARDO                              06102022REA000000000000000000000000064925                    00000000000000000000000                    000000000330889538262100010     0          
3410001300007B   100033088953826R ANTONIO DOGANELLI           00073               JD. ALICE      GUARULHOS           07263420SP                                                                                                                 
3410001300008A00000034100641 000000008521 2ALEXANDRE HONORIO FELIX                           06102022REA000000000000000000000000128768                    00000000000000000000000                    000000000280295338962100010     0          
3410001300008B   100028029533896R PIETRO CASELLA              00011               JD SAO JOAO    SAO PAULO           05815055SP                                                                                                                 
3410001300009A00000034107145 000000014836 2VITORIA CONCEICAO DO NASCIMENT                    06102022REA000000000000000000000000143501                    00000000000000000000000                    000000000384974478752100010     0          
3410001300009B   100038497447875R Ivoturucaia                 00342Casa           Vila Curuca    Sao Paulo           08030070SP                                                                                                                 
3410001300010A00000034106546 000000036288 7MARIA EDUARDA MARIANI CHINI FA                    06102022REA000000000000000000000000361725                    00000000000000000000000                    000000000048288699482100010     0          
3410001300010B   100004828869948R Joao Lourenco               00756APTO 121       Vila Nova ConceSao Paulo           04508031SP                                                                                                                 
3410001300011A00000034100787 000000034943 0VITORIA APARECIDA SILVESTRE SH                    06102022REA000000000000000000000000208418                    00000000000000000000000                    000000000520090708012100010     0          
3410001300011B   100052009070801AV Sao Miguel                 0146983A            Vila Marieta   Sao Paulo           03619000SP         
3410001300012A00000034108331 000000012455 5ELAINE VASCONCELOS MONTILHA                       06102022REA000000000000000000000000650666                    00000000000000000000000                    000000000333268508242100010     0          
3410001300012B   100033326850824R WADIH GEBARA                00059CASA           VL STA CATARINASAO PAULO           04371010SP                                                                                                                 
3410001300013A00000034100445 000000092350 1KAROLINE BARBOSA SILVA                            06102022REA000000000000000000000000089134                    00000000000000000000000                    000000000401497788992100010     0          
3410001300013B   100040149778899R Giuseppe Baretti            00173CASA 2         Jardim Morais PSao Paulo           04855380SP                                                                                                                 
3410001300014A00000034100068 000000011342 2KARIN FRANCINI DE ANDRADE SALL                    06102022REA000000000000000000000000823085                    00000000000000000000000                    000000000303480208052100010     0          
3410001300014B   100030348020805R Doutor Luiz Migliano        00631BLOCO 4 APTO 22Jardim Vazani  Sao Paulo           05711000SP                                                                                                                 
3410001300015A00000034103247 000000056652 8DANIELA DOS SANTOS                                06102022REA000000000000000000000000332379                    00000000000000000000000                    000000000433081968672100010     0          
3410001300015B   100043308196867R Benedito Prestes Ferras     00040               Jardim Beatriz Taboao da Serra     06764375SP                                                                                                                 
3410001300016A00000034100761 000000021774 4ETIENE SILVA LIMA                                 06102022REA000000000000000000000000336506                    00000000000000000000000                    000000000391384138502100010     0          
3410001300016B   100039138413850R Paulo Rosa                  00247Casa fundos    Parque Santa MaSao Paulo           03980200SP                                                                                                                 
3410001300017A00000034103247 000000060539 1REGIANE PRADO DA SILVA                            06102022REA000000000000000000000000350859                    00000000000000000000000                    000000000289377488192100010     0          
3410001300017B   100028937748819R Maria Abadia dos Santos     00107Apto 166 Bloco Jardim Maria RoTaboao da Serra     06764030SP   
3410001300018A00000034106424 000000025959 3SONIA DIAS ALVES DOS SANTOS                       06102022REA000000000000000000000000093233                    00000000000000000000000                    000000000259346258292100010     0          
3410001300018B   100025934625829R Sitio Santo Antonio         00925               Centro         Mairinque           18120000SP                                                                                                                 
3410001300019A00000034105718 000000008594 6AMANDA SOARES DE JESUS                            06102022REA000000000000000000000000270982                    00000000000000000000000                    000000000462450138102100010     0          
3410001300019B   100046245013810R Lions Club                  00403               Jardim Florida Sao Roque           18133030SP                                                                                                                 
3410001300020A00000034100774 000000078129 8TAMIRIS CRISTINA SOUZA DUARTE                     06102022REA000000000000000000000000091793                    00000000000000000000000                    000000000455300728282100010     0          
3410001300020B   100045530072828EST Municipal Tenente Noelio A00000S/N            Potribu de CimaItu                 13306876SP                                                                                                                 
3410001300021A00000034106424 000000037360 0VITORIA CAROLINA DA COSTA                         06102022REA000000000000000000000000151411                    00000000000000000000000                    000000000475759518222100010     0          
3410001300021B   100047575951822R Das Rosas                   00012               Parque das RosaMairinque           18120000SP                                                                                                                 
3410001300022A00000034100774 000000018818 9LARHISSA REGINA SILVA                             06102022REA000000000000000000000000222178                    00000000000000000000000                    000000000369347318832100010     0          
3410001300022B   100036934731883AV Brasil                     00960Bloco B Apto 71Jardim CarambeiSao Roque           18132305SP                                                                                                                 
3410001300023A00000034106424 000000040021 3JULIO CESAR GARCIA DOMINGUES                      06102022REA000000000000000000000000012527                    00000000000000000000000                    000000000372422828702100010     0          
3410001300023B   100037242282870R dos Pinheiros               00217Casa 1         Jardim Olidel  Aluminio            18125000SP                                                                                                                 
3410001300024A00000034100774 000000085098 6BEATRIZ CRISTINA VERNIER SOBRI                    06102022REA000000000000000000000000091357                    00000000000000000000000                    000000000314393728962100010     0          
3410001300024B   100031439372896R Santos Dumont               00165Casa 9 Rua E   Bairro do CambaSao Roque           18133390SP            
3410001300025A00000034108719 000000014492 8KAREN ROCHA SILVEIRA                              06102022REA000000000000000000000000908249                    00000000000000000000000                    000000000041873235382100010     0          
3410001300025B   100004187323538R Goncalo Fernandes           00062CASA 02        Jardim FigueiraSao Paulo           04914110SP                                                                                                                 
3410001300026A00000034108792 000000043219 0ARIEL DE JESUS OLIVEIRA                           06102022REA000000000000000000000000136743                    00000000000000000000000                    000000000422074468162100010     0          
3410001300026B   100042207446816R Pierre Julien               00141               Parque Maria HeSao Paulo           05854190SP                                                                                                                 
3410001300027A00000034100445 000000095847 3MARIANE APARECIDA SILVA DE CAS                    06102022REA000000000000000000000000510081                    00000000000000000000000                    000000000382203058942100010     0          
3410001300027B   100038220305894R do Verao                    00410               Capoavinha     Mairipora           07629386SP                                                                                                                 
3410001300028A00000034102958 000000022817 9ANA PAULA GARDINI                                 06102022REA000000000000000000000000035791                    00000000000000000000000                    000000000313059188512100010     0          
3410001300028B   100031305918851AV Rio Branco                 00125APTO 1001      Republica CentrSao Paulo           01205000SP                                                                                                                 
3410001300029A00000034100445 000000098390 1NAYANA URSINE DE JESUS                            06102022REA000000000000000000000000921991                    00000000000000000000000                    000000000087071006042100010     0          
3410001300029B   100008707100604R Vergueiro                   08424AP 115 BL 3    Vila Firmiano PSao Paulo           04272300SP        
3410001300030A00000034102731 000000034004 4JULIANA BATISTA DE SANTANA                        06102022REA000000000000000000000000746914                    00000000000000000000000                    000000000030327745942100010     0          
3410001300030B   100003032774594R ANTONIO BONINI              00083CASA 6         NOVA MONT SERRAITUPEVA             13295000SP                                                                                                                 
3410001300031A00000034102731 000000050417 7ROSILEIDE GOMES GUERRA                            06102022REA000000000000000000000000081156                    00000000000000000000000                    000000000066656415972100010     0          
3410001300031B   100006665641597R ANGELINA MARQUES BONEQUINI  00421               HORTENCIA      Itupeva             13295000SP                                                                                                                 
3410001300032A00000034100845 000000022165 4PETERSON CANDIDO BATISTA                          06102022REA000000000000000000000000087753                    00000000000000000000000                    000000000428921908002100010     0          
3410001300032B   100042892190800TR Joann Micheletti Brambila		00033               Jardim Boa EspeItupeva             13295000SP                                                                                                                 
3410001300033A00000034102731 000000045059 5INGRID ANDRADE DE OLIVEIRA                        06102022REA000000000000000000000000448230                    00000000000000000000000                    000000000067025855512100010     0          
3410001300033B   100006702585551R Moacir Giaretta             00242               Parque das HortItupeva             13295000SP                                                                                                                 
3410001300034A00000034105436 000000005446 3TAINARA BROIANO DA SILVA                          06102022REA000000000000000000000000400931                    00000000000000000000000                    000000000448783568202100010     0          
3410001300034B   100044878356820R Armando Bertie              00111Apto 09        Jardim Lago AzuLouveira            13294400SP                                                                                                                 
3410001300035A00000034102731 000000060071 0DEBORA FERREIRA DE LIMA                           06102022REA000000000000000000000000579065                    00000000000000000000000                    000000000340417858042100010     0          
3410001300035B   100034041785804R Eloisa Lotierzo             00405Casa 02        Parque ResidencJundiai             13213121SP          
3410001300036A00000034106424 000000016794 5MICHELE CRISTINA FORTES LEONEL                    06102022REA000000000000000000000000541179                    00000000000000000000000                    000000000309418408162100010     0          
3410001300036B   100030941840816R HORACIO MANLEY LANE         00800APTO 12        VILA GRANADA   MAIRINQUE           18120000SP                                                                                                                 
3410001300037A00000034100774 000000074179 7DAYANA APARECIDA DE ANDRADE RO                    06102022REA000000000000000000000000524045                    00000000000000000000000                    000000000358473708732100010     0          
3410001300037B   100035847370873R JOAO BATISTA DE SOUZA       00093               JARDIM BELA VISAracariguama        18147000SP                                                                                                                 
3410001300038A00000034101653 000000071350 1ANA BATISTA DA SILVA NETA                         06102022REA000000000000000000000000856278                    00000000000000000000000                    000000000332515898652100010     0          
3410001300038B   100033251589865AV Betania                    00712               Jardim Betania Sorocaba            18071590SP                                                                                                                 
3410001300039A00000034100774 000000012291 5ANA PAULA VIEIRA DA SILVA                         06102022REA000000000000000000000000545544                    00000000000000000000000                    000000000395376728322100010     0          
3410001300039B   100039537672832R Jose Miguel da Palma        00190               Residencial ParMairinque           18120000SP                                                                                                                 
3410001300040A00000034106424 000000036444 3JOAO VITOR FELIX OLIVEIRA ADRI                    06102022REA000000000000000000000000668820                    00000000000000000000000                    000000000474564128122100010     0          
3410001300040B   100047456412812R Mackenzie                   00154casa           Vila Barreto   Mairinque           18120000SP                                                                                                                 
3410001300041A00000034100774 000000079635 3ELIAS ANTONIO DE ARAUJO                           06102022REA000000000000000000000000125225                    00000000000000000000000                    000000000312948568632100010     0          
3410001300041B   100031294856863R Padre Antonio Vieira        00110casa 2         Paisagem ColoniSao Roque           18136730SP                                                                                                                 
3410001300042A00000034101178 000000008197 0ISABELE ANTUNES                                   06102022REA000000000000000000000000507777                    00000000000000000000000                    000000000424665258012100010     0          
3410001300042B   100042466525801R Natale Moretti              00250Casa           Jardim Santo AmSorocaba            18074686SP     
3410001300043A00000034106317 000000045269 3ELIAS FRANCISCO CARVALHO                          06102022REA000000000000000000000000816974                    00000000000000000000000                    000000000320700338992100010     0          
3410001300043B   100032070033899R Christiano Campanini        00028               Jardim Santa CeSorocaba            18078010SP                                                                                                                 
3410001300044A00000034107432 000000023409 9JACQUELINE DE SOUZA SOARES                        06102022REA000000000000000000000000714362                    00000000000000000000000                    000000000372717588522100010     0          
3410001300044B   100037271758852R Joao Batista Del Mastro     00030               Parque Ouro FinSorocaba            18055620SP                                                                                                                 
3410001300045A00000034106424 000000025917 1KATIA RODRIGUES HAZELSKI                          06102022REA000000000000000000000000098803                    00000000000000000000000                    000000000230520978902100010     0          
3410001300045B   100023052097890R Izaltino Ribeiro de Medeiros00068               Vila Brasilina Aluminio            18125000SP                                                                                                                 
3410001300046A00000034104877 000000031736 4THAIS CRISTIANE ANTUNES MOLINA                    06102022REA000000000000000000000000458066                    00000000000000000000000                    000000000434728808562100010     0          
3410001300046B   100043472880856EST Dinorah                   00380BL 10 AP 32    Loteamento DinoSorocaba            18071036SP                                                                                                                 
3410001300047A00000034100774 000000073296 0GIOVANI OLIVEIRA LOMBARDI                         06102022REA000000000000000000000000372213                    00000000000000000000000                    000000000447740508142100010     0          
3410001300047B   100044774050814AV Varaguera                  00602Casa B         Guacu          Sao Roque           18131397SP                                                                                                                 
3410001300048A00000034105297 000000009143 0NATHALIA DA ROCHA PAULINO                         06102022REA000000000000000000000000516468                    00000000000000000000000                    000000000416132628922100010     0          
3410001300048B   100041613262892R Jose Valente                00067               Jardim PlanaltoSorocaba            18070635SP                                                                                                                 
3410001300049A00000034105718 000000003835 8THAIS DOS SANTOS MELO                             06102022REA000000000000000000000000025050                    00000000000000000000000                    000000000416184568572100010     0          
3410001300049B   100041618456857R Pernambuco                  00064Casa 02        Vila Pedagio   Aluminio            18125000SP                                                                                                                 
3410001300050A0000003410ITAU 000000022796 6TALITA HENRIQUE DA SILVA DUART                    06102022REA000000000000000000000000018223                    00000000000000000000000                    000000000444005588512100010     0          
3410001300050B   100044400558851R Basilio Puntel              00040Apto 05        Jardim Cardoso Sao Roque           18143810SP      
3410001300051A00000034100413 000000003506 4CINTHIA CAVALCANTI DA SILVA MO                    06102022REA000000000000000000000000276143                    00000000000000000000000                    000000000141167947402100010     0          
3410001300051B   100014116794740R LAURA TELES                 00136BL 3 AP 304    TANQUE         RIO DE JANEIRO      22753050RJ                                                                                                                 
3410001300052A00000034106140 000000020289 3PRISCILA GONCALVES                                06102022REA000000000000000000000000287123                    00000000000000000000000                    000000000121594577952100010     0          
3410001300052B   100012159457795R Carlos Palut                00592BLOCO 4 APTO 20Taquara        Rio de Janeiro      22710310RJ                                                                                                                 
3410001300053A00000034100413 000000005227 5ANA CELIA PINHEIRO DAMASCENO                      06102022REA000000000000000000000000360145                    00000000000000000000000                    000000000035853577842100010     0          
3410001300053B   100003585357784AV Engenheiro Souza Filho     00613casa 22        Itanhanga      Rio de Janeiro      22753053RJ                                                                                                                 
3410001300054A00000034106614 000000042751 3MARIA CECILIA PEREIRA DOS SANT                    06102022REA000000000000000000000000066207                    00000000000000000000000                    000000000174988357032100010     0          
3410001300054B   100017498835703TV Joao Carlos                00003D APTO 101     Itanhanga      Rio de Janeiro      22753083RJ                                                                                                                 
3410001300055A00000034106138 000000028344 2LETICIA MUNIZ DE SOUSA                            06102022REA000000000000000000000000346063                    00000000000000000000000                    000000000177912847902100010     0          
3410001300055B   100017791284790R Machado e Silva             00006Apto 504       Itanhanga      Rio de Janeiro      22641516RJ    
3410001300056A00000034100445 000000061830 9RODRIGO NOGUEIRA PUCCI SILVA                      06102022REA000000000000000000000000729518                    00000000000000000000000                    000000000319820098962100010     0          
3410001300056B   100031982009896R Alba                        02140AP 43          Vila Parque JabSao Paulo           04346000SP                                                                                                                 
3410001300057A00000034100445 000000095407 6GEUSIMAR RODRIGUES DELMONDES                      06102022REA000000000000000000000000122831                    00000000000000000000000                    000000000902013964912100010     0          
3410001300057B   100090201396491R JOSE PEREIRA                00228               JD FREIRE      FERRAZ DE VASCONCELO08543060SP                                                                                                                 
3410001300058A00000034100445 000000096845 6IGOR CAMPOS CABRERA                               06102022REA000000000000000000000000789220                    00000000000000000000000                    000000000005877030592100010     0          
3410001300058B   100000587703059R Taylor                      000311021           Centro         Rio de Janeiro      20241060RJ                                                                                                                 
3410001300059A00000034102978 000000042854 4AMANDA SILVA LIMA GUIMARAES                       06102022REA000000000000000000000000221803                    00000000000000000000000                    000000000434146538422100010     0          
3410001300059B   100043414653842R Sebastian de Arteaga        00032CASA           Jardim Amalia  Sao Paulo           05890200SP                                                                                                                 
3410001300060A00000034101634 000000080751 3SALVADOR TEIXEIRA JUNIOR                          06102022REA000000000000000000000000522231                    00000000000000000000000                    000000000365720198022100010     0          
3410001300060B   100036572019802R Olimpio Rodrigues de Araujo 00410casa 1         Jardim MacedoniSao Paulo           05894390SP                                                                                                                 
3410001300061A00000034108576 000000006005 0TAIS SAMPAIO CASTRO PEREIRA                       06102022REA000000000000000000000000161592                    00000000000000000000000                    000000000389045048212100010     0          
3410001300061B   100038904504821R Francisco Soave             00341casa           Rio Pequeno    Sao Paulo           05386000SP                                                                                                                 
3410001300062A00000034100445 000000097103 9NEIDE RODRIGUES DE CARVALHO                       06102022REA000000000000000000000000096318                    00000000000000000000000                    000000000362249508142100010     0          
3410001300062B   100036224950814R Jose Pereira                00228CASA 01        Jardim Freire  Ferraz de Vasconcelo08543060SP                                                                                                                 
3410001300063A00000034107212 000000018741 8BRUNO FERREIRA DOS SANTOS                         06102022REA000000000000000000000000498847                    00000000000000000000000                    000000000373357228962100010     0          
3410001300063B   100037335722896R Maria Quintina dos Santos   00589               Jardim Pestana Osasco              06122190SP    
3410001300064A00000034104496 000000006354 8DANIELLA GALDINO PEREIRA                          06102022REA000000000000000000000000506943                    00000000000000000000000                    000000000355932128052100010     0          
3410001300064B   100035593212805R JOSE MENINO                 00029               JABAQUARA      SAO PAULO           04335080SP                                                                                                                 
3410001300065A00000034102954 000000015337 1JESSICA ELAINE RODRIGUES DA CO                    06102022REA000000000000000000000000501705                    00000000000000000000000                    000000000230448408562100010     0          
3410001300065B   100023044840856R Aurea Tavares               00443CASA 1         Parque IndustriTaboao da Serra     06765440SP                                                                                                                 
3410001300066A00000034100772 000000031456 3DANIELA FERREIRA VIEIRA                           06102022REA000000000000000000000000456565                    00000000000000000000000                    000000000417320448562100010     0          
3410001300066B   100041732044856R Isac Dias Grou              00041CASA 3         Jardim das FlorSao Paulo           04904210SP                                                                                                                 
3410001300067A00000034108577 000000036796 7JONATAS DIAS DE LIMA                              06102022REA000000000000000000000000096982                    00000000000000000000000                    000000000465029168212100010     0          
3410001300067B   100046502916821AV do Arvoreiro               00183AP. LILAS 4    Parque das ArvoSao Paulo           04824010SP                                                                                                                 
3410001300068A00000034108792 000000045923 5WALTER PEREIRA JUNIOR                             06102022REA000000000000000000000000163025                    00000000000000000000000                    000000000364329538392100010     0          
3410001300068B   100036432953839R Simao Lopes                 01504Apto 92 Bloco BVila Moraes    Sao Paulo           04167001SP                                                                                                                 
3410001300069A00000034106968 000000009135 2CAROLINE SUELEN DA SILVA SANTI                    06102022REA000000000000000000000000113804                    00000000000000000000000                    000000000435225478962100010     0          
3410001300069B   100043522547896R Neusa Domingos Nascimento Va00087Casa           Jardim RosemaryItapevi             06657140SP                                                                                      
34100015         000141000000000025150305000000000000000000                                                                                                                                                                                     
34199999         000069000142                                                                                                                                                                                                                   
